%YAML 1.1
%TAG !u! tag:unity3d.com,2011:
--- !u!29 &1
OcclusionCullingSettings:
  m_ObjectHideFlags: 0
  serializedVersion: 2
  m_OcclusionBakeSettings:
    smallestOccluder: 5
    smallestHole: 0.25
    backfaceThreshold: 100
  m_SceneGUID: 00000000000000000000000000000000
  m_OcclusionCullingData: {fileID: 0}
--- !u!104 &2
RenderSettings:
  m_ObjectHideFlags: 0
  serializedVersion: 8
  m_Fog: 0
  m_FogColor: {r: 0.5, g: 0.5, b: 0.5, a: 1}
  m_FogMode: 3
  m_FogDensity: 0.01
  m_LinearFogStart: 0
  m_LinearFogEnd: 300
  m_AmbientSkyColor: {r: 0.212, g: 0.227, b: 0.259, a: 1}
  m_AmbientEquatorColor: {r: 0.114, g: 0.125, b: 0.133, a: 1}
  m_AmbientGroundColor: {r: 0.047, g: 0.043, b: 0.035, a: 1}
  m_AmbientIntensity: 1
  m_AmbientMode: 3
  m_SubtractiveShadowColor: {r: 0.42, g: 0.478, b: 0.627, a: 1}
  m_SkyboxMaterial: {fileID: 0}
  m_HaloStrength: 0.5
  m_FlareStrength: 1
  m_FlareFadeSpeed: 3
  m_HaloTexture: {fileID: 0}
  m_SpotCookie: {fileID: 10001, guid: 0000000000000000e000000000000000, type: 0}
  m_DefaultReflectionMode: 0
  m_DefaultReflectionResolution: 128
  m_ReflectionBounces: 1
  m_ReflectionIntensity: 1
  m_CustomReflection: {fileID: 0}
  m_Sun: {fileID: 0}
  m_IndirectSpecularColor: {r: 0, g: 0, b: 0, a: 1}
--- !u!157 &3
LightmapSettings:
  m_ObjectHideFlags: 0
  serializedVersion: 11
  m_GIWorkflowMode: 1
  m_GISettings:
    serializedVersion: 2
    m_BounceScale: 1
    m_IndirectOutputScale: 1
    m_AlbedoBoost: 1
    m_TemporalCoherenceThreshold: 1
    m_EnvironmentLightingMode: 0
    m_EnableBakedLightmaps: 0
    m_EnableRealtimeLightmaps: 0
  m_LightmapEditorSettings:
    serializedVersion: 9
    m_Resolution: 2
    m_BakeResolution: 40
    m_TextureWidth: 1024
    m_TextureHeight: 1024
    m_AO: 0
    m_AOMaxDistance: 1
    m_CompAOExponent: 1
    m_CompAOExponentDirect: 0
    m_Padding: 2
    m_LightmapParameters: {fileID: 0}
    m_LightmapsBakeMode: 1
    m_TextureCompression: 1
    m_FinalGather: 0
    m_FinalGatherFiltering: 1
    m_FinalGatherRayCount: 256
    m_ReflectionCompression: 2
    m_MixedBakeMode: 2
    m_BakeBackend: 0
    m_PVRSampling: 1
    m_PVRDirectSampleCount: 32
    m_PVRSampleCount: 500
    m_PVRBounces: 2
    m_PVRFilterTypeDirect: 0
    m_PVRFilterTypeIndirect: 0
    m_PVRFilterTypeAO: 0
    m_PVRFilteringMode: 1
    m_PVRCulling: 1
    m_PVRFilteringGaussRadiusDirect: 1
    m_PVRFilteringGaussRadiusIndirect: 5
    m_PVRFilteringGaussRadiusAO: 2
    m_PVRFilteringAtrousPositionSigmaDirect: 0.5
    m_PVRFilteringAtrousPositionSigmaIndirect: 2
    m_PVRFilteringAtrousPositionSigmaAO: 1
    m_ShowResolutionOverlay: 1
  m_LightingDataAsset: {fileID: 0}
  m_UseShadowmask: 1
--- !u!196 &4
NavMeshSettings:
  serializedVersion: 2
  m_ObjectHideFlags: 0
  m_BuildSettings:
    serializedVersion: 2
    agentTypeID: 0
    agentRadius: 0.5
    agentHeight: 2
    agentSlope: 45
    agentClimb: 0.4
    ledgeDropHeight: 0
    maxJumpAcrossDistance: 0
    minRegionArea: 2
    manualCellSize: 0
    cellSize: 0.16666667
    manualTileSize: 0
    tileSize: 256
    accuratePlacement: 0
    debug:
      m_Flags: 0
  m_NavMeshData: {fileID: 0}
--- !u!1 &6595804
GameObject:
  m_ObjectHideFlags: 0
  m_PrefabParentObject: {fileID: 0}
  m_PrefabInternal: {fileID: 0}
  serializedVersion: 5
  m_Component:
  - component: {fileID: 6595805}
  m_Layer: 0
  m_Name: Sonar
  m_TagString: Untagged
  m_Icon: {fileID: 0}
  m_NavMeshLayer: 0
  m_StaticEditorFlags: 0
  m_IsActive: 1
--- !u!4 &6595805
Transform:
  m_ObjectHideFlags: 0
  m_PrefabParentObject: {fileID: 0}
  m_PrefabInternal: {fileID: 0}
  m_GameObject: {fileID: 6595804}
  m_LocalRotation: {x: 0, y: 0, z: 0, w: 1}
  m_LocalPosition: {x: 0, y: 0, z: 0}
  m_LocalScale: {x: 1, y: 1, z: 1}
  m_Children:
  - {fileID: 2006085370}
  - {fileID: 460652276}
  - {fileID: 425457838}
  m_Father: {fileID: 0}
  m_RootOrder: 3
  m_LocalEulerAnglesHint: {x: 0, y: 0, z: 0}
--- !u!1001 &8906125
Prefab:
  m_ObjectHideFlags: 0
  serializedVersion: 2
  m_Modification:
    m_TransformParent: {fileID: 6595805}
    m_Modifications:
    - target: {fileID: 4384027145404564, guid: f013eb2c37cf04c3db94fc6c896c9a7f, type: 2}
      propertyPath: m_LocalPosition.x
      value: -0.21
      objectReference: {fileID: 0}
    - target: {fileID: 4384027145404564, guid: f013eb2c37cf04c3db94fc6c896c9a7f, type: 2}
      propertyPath: m_LocalPosition.y
      value: 0
      objectReference: {fileID: 0}
    - target: {fileID: 4384027145404564, guid: f013eb2c37cf04c3db94fc6c896c9a7f, type: 2}
      propertyPath: m_LocalPosition.z
      value: -10
      objectReference: {fileID: 0}
    - target: {fileID: 4384027145404564, guid: f013eb2c37cf04c3db94fc6c896c9a7f, type: 2}
      propertyPath: m_LocalRotation.x
      value: -0
      objectReference: {fileID: 0}
    - target: {fileID: 4384027145404564, guid: f013eb2c37cf04c3db94fc6c896c9a7f, type: 2}
      propertyPath: m_LocalRotation.y
      value: -0
      objectReference: {fileID: 0}
    - target: {fileID: 4384027145404564, guid: f013eb2c37cf04c3db94fc6c896c9a7f, type: 2}
      propertyPath: m_LocalRotation.z
      value: -0
      objectReference: {fileID: 0}
    - target: {fileID: 4384027145404564, guid: f013eb2c37cf04c3db94fc6c896c9a7f, type: 2}
      propertyPath: m_LocalRotation.w
      value: 1
      objectReference: {fileID: 0}
    - target: {fileID: 4384027145404564, guid: f013eb2c37cf04c3db94fc6c896c9a7f, type: 2}
      propertyPath: m_RootOrder
      value: 1
      objectReference: {fileID: 0}
    - target: {fileID: 114144754981388886, guid: f013eb2c37cf04c3db94fc6c896c9a7f,
        type: 2}
      propertyPath: owner
      value: 
      objectReference: {fileID: 740807586}
    - target: {fileID: 114144754981388886, guid: f013eb2c37cf04c3db94fc6c896c9a7f,
        type: 2}
      propertyPath: duration
      value: 10
      objectReference: {fileID: 0}
    - target: {fileID: 50928586981176404, guid: f013eb2c37cf04c3db94fc6c896c9a7f,
        type: 2}
      propertyPath: m_GravityScale
      value: 0
      objectReference: {fileID: 0}
    - target: {fileID: 1211849910119292, guid: f013eb2c37cf04c3db94fc6c896c9a7f, type: 2}
      propertyPath: m_IsActive
      value: 0
      objectReference: {fileID: 0}
    m_RemovedComponents: []
  m_ParentPrefab: {fileID: 100100000, guid: f013eb2c37cf04c3db94fc6c896c9a7f, type: 2}
  m_IsPrefabParent: 0
--- !u!1 &148367915
GameObject:
  m_ObjectHideFlags: 0
  m_PrefabParentObject: {fileID: 0}
  m_PrefabInternal: {fileID: 0}
  serializedVersion: 5
  m_Component:
  - component: {fileID: 148367916}
  - component: {fileID: 148367918}
  - component: {fileID: 148367917}
  m_Layer: 9
  m_Name: Obstacle (2)
  m_TagString: Obstacle
  m_Icon: {fileID: 0}
  m_NavMeshLayer: 0
  m_StaticEditorFlags: 0
  m_IsActive: 1
--- !u!4 &148367916
Transform:
  m_ObjectHideFlags: 0
  m_PrefabParentObject: {fileID: 0}
  m_PrefabInternal: {fileID: 0}
  m_GameObject: {fileID: 148367915}
  m_LocalRotation: {x: -0, y: -0, z: -0, w: 1}
  m_LocalPosition: {x: 9.854, y: -8.507, z: -9.169922}
  m_LocalScale: {x: 1.2023013, y: 5.176655, z: 1}
  m_Children: []
  m_Father: {fileID: 188333672}
  m_RootOrder: 2
  m_LocalEulerAnglesHint: {x: 0, y: 0, z: 0}
--- !u!61 &148367917
BoxCollider2D:
  m_ObjectHideFlags: 0
  m_PrefabParentObject: {fileID: 0}
  m_PrefabInternal: {fileID: 0}
  m_GameObject: {fileID: 148367915}
  m_Enabled: 1
  m_Density: 1
  m_Material: {fileID: 0}
  m_IsTrigger: 0
  m_UsedByEffector: 0
  m_UsedByComposite: 0
  m_Offset: {x: 0, y: 0}
  m_SpriteTilingProperty:
    border: {x: 0, y: 0, z: 0, w: 0}
    pivot: {x: 0.5, y: 0.5}
    oldSize: {x: 1, y: 1}
    newSize: {x: 0.16, y: 0.16}
    adaptiveTilingThreshold: 0.5
    drawMode: 0
    adaptiveTiling: 0
  m_AutoTiling: 0
  serializedVersion: 2
  m_Size: {x: 1, y: 1}
  m_EdgeRadius: 0
--- !u!212 &148367918
SpriteRenderer:
  m_ObjectHideFlags: 0
  m_PrefabParentObject: {fileID: 0}
  m_PrefabInternal: {fileID: 0}
  m_GameObject: {fileID: 148367915}
  m_Enabled: 1
  m_CastShadows: 0
  m_ReceiveShadows: 0
  m_DynamicOccludee: 1
  m_MotionVectors: 1
  m_LightProbeUsage: 1
  m_ReflectionProbeUsage: 1
  m_Materials:
  - {fileID: 10754, guid: 0000000000000000f000000000000000, type: 0}
  m_StaticBatchInfo:
    firstSubMesh: 0
    subMeshCount: 0
  m_StaticBatchRoot: {fileID: 0}
  m_ProbeAnchor: {fileID: 0}
  m_LightProbeVolumeOverride: {fileID: 0}
  m_ScaleInLightmap: 1
  m_PreserveUVs: 0
  m_IgnoreNormalsForChartDetection: 0
  m_ImportantGI: 0
  m_StitchLightmapSeams: 0
  m_SelectedEditorRenderState: 0
  m_MinimumChartSize: 4
  m_AutoUVMaxDistance: 0.5
  m_AutoUVMaxAngle: 89
  m_LightmapParameters: {fileID: 0}
  m_SortingLayerID: 0
  m_SortingLayer: 0
  m_SortingOrder: 0
  m_Sprite: {fileID: 21300000, guid: 64e665ff6dd86c340ade6ac680b8c846, type: 3}
  m_Color: {r: 1, g: 1, b: 1, a: 1}
  m_FlipX: 0
  m_FlipY: 0
  m_DrawMode: 0
  m_Size: {x: 0.16, y: 0.16}
  m_AdaptiveModeThreshold: 0.5
  m_SpriteTileMode: 0
  m_WasSpriteAssigned: 1
  m_MaskInteraction: 0
--- !u!1001 &172822303
Prefab:
  m_ObjectHideFlags: 0
  serializedVersion: 2
  m_Modification:
    m_TransformParent: {fileID: 294508407}
    m_Modifications:
    - target: {fileID: 4765279173609134, guid: df0dda33bb3352c45aca0e65ad4db990, type: 2}
      propertyPath: m_LocalPosition.x
      value: 12.5
      objectReference: {fileID: 0}
    - target: {fileID: 4765279173609134, guid: df0dda33bb3352c45aca0e65ad4db990, type: 2}
      propertyPath: m_LocalPosition.y
      value: -9.28
      objectReference: {fileID: 0}
    - target: {fileID: 4765279173609134, guid: df0dda33bb3352c45aca0e65ad4db990, type: 2}
      propertyPath: m_LocalPosition.z
      value: 0
      objectReference: {fileID: 0}
    - target: {fileID: 4765279173609134, guid: df0dda33bb3352c45aca0e65ad4db990, type: 2}
      propertyPath: m_LocalRotation.x
      value: -0
      objectReference: {fileID: 0}
    - target: {fileID: 4765279173609134, guid: df0dda33bb3352c45aca0e65ad4db990, type: 2}
      propertyPath: m_LocalRotation.y
      value: -0
      objectReference: {fileID: 0}
    - target: {fileID: 4765279173609134, guid: df0dda33bb3352c45aca0e65ad4db990, type: 2}
      propertyPath: m_LocalRotation.z
      value: -0
      objectReference: {fileID: 0}
    - target: {fileID: 4765279173609134, guid: df0dda33bb3352c45aca0e65ad4db990, type: 2}
      propertyPath: m_LocalRotation.w
      value: 1
      objectReference: {fileID: 0}
    - target: {fileID: 4765279173609134, guid: df0dda33bb3352c45aca0e65ad4db990, type: 2}
      propertyPath: m_RootOrder
      value: 3
      objectReference: {fileID: 0}
    - target: {fileID: 1494997289483964, guid: df0dda33bb3352c45aca0e65ad4db990, type: 2}
      propertyPath: m_Name
      value: Shift (3)
      objectReference: {fileID: 0}
    m_RemovedComponents: []
  m_ParentPrefab: {fileID: 100100000, guid: df0dda33bb3352c45aca0e65ad4db990, type: 2}
  m_IsPrefabParent: 0
--- !u!4 &172822304 stripped
Transform:
  m_PrefabParentObject: {fileID: 4765279173609134, guid: df0dda33bb3352c45aca0e65ad4db990,
    type: 2}
  m_PrefabInternal: {fileID: 172822303}
--- !u!1 &188333671
GameObject:
  m_ObjectHideFlags: 0
  m_PrefabParentObject: {fileID: 0}
  m_PrefabInternal: {fileID: 0}
  serializedVersion: 5
  m_Component:
  - component: {fileID: 188333672}
  m_Layer: 9
  m_Name: Obstacles
  m_TagString: Untagged
  m_Icon: {fileID: 0}
  m_NavMeshLayer: 0
  m_StaticEditorFlags: 0
  m_IsActive: 1
--- !u!4 &188333672
Transform:
  m_ObjectHideFlags: 0
  m_PrefabParentObject: {fileID: 0}
  m_PrefabInternal: {fileID: 0}
  m_GameObject: {fileID: 188333671}
  m_LocalRotation: {x: 0, y: 0, z: 0, w: 1}
  m_LocalPosition: {x: 0, y: 0, z: 0}
  m_LocalScale: {x: 1, y: 1, z: 1}
  m_Children:
  - {fileID: 1732629310}
  - {fileID: 1323022289}
  - {fileID: 148367916}
  - {fileID: 1343482286}
  - {fileID: 744536813}
  m_Father: {fileID: 0}
  m_RootOrder: 5
  m_LocalEulerAnglesHint: {x: 0, y: 0, z: 0}
--- !u!1001 &254608114
Prefab:
  m_ObjectHideFlags: 0
  serializedVersion: 2
  m_Modification:
    m_TransformParent: {fileID: 294508407}
    m_Modifications:
    - target: {fileID: 4765279173609134, guid: df0dda33bb3352c45aca0e65ad4db990, type: 2}
      propertyPath: m_LocalPosition.x
      value: 18.8
      objectReference: {fileID: 0}
    - target: {fileID: 4765279173609134, guid: df0dda33bb3352c45aca0e65ad4db990, type: 2}
      propertyPath: m_LocalPosition.y
      value: -9.28
      objectReference: {fileID: 0}
    - target: {fileID: 4765279173609134, guid: df0dda33bb3352c45aca0e65ad4db990, type: 2}
      propertyPath: m_LocalPosition.z
      value: 0
      objectReference: {fileID: 0}
    - target: {fileID: 4765279173609134, guid: df0dda33bb3352c45aca0e65ad4db990, type: 2}
      propertyPath: m_LocalRotation.x
      value: -0
      objectReference: {fileID: 0}
    - target: {fileID: 4765279173609134, guid: df0dda33bb3352c45aca0e65ad4db990, type: 2}
      propertyPath: m_LocalRotation.y
      value: -0
      objectReference: {fileID: 0}
    - target: {fileID: 4765279173609134, guid: df0dda33bb3352c45aca0e65ad4db990, type: 2}
      propertyPath: m_LocalRotation.z
      value: -0
      objectReference: {fileID: 0}
    - target: {fileID: 4765279173609134, guid: df0dda33bb3352c45aca0e65ad4db990, type: 2}
      propertyPath: m_LocalRotation.w
      value: 1
      objectReference: {fileID: 0}
    - target: {fileID: 4765279173609134, guid: df0dda33bb3352c45aca0e65ad4db990, type: 2}
      propertyPath: m_RootOrder
      value: 4
      objectReference: {fileID: 0}
    - target: {fileID: 1494997289483964, guid: df0dda33bb3352c45aca0e65ad4db990, type: 2}
      propertyPath: m_Name
      value: Shift (4)
      objectReference: {fileID: 0}
    m_RemovedComponents: []
  m_ParentPrefab: {fileID: 100100000, guid: df0dda33bb3352c45aca0e65ad4db990, type: 2}
  m_IsPrefabParent: 0
--- !u!4 &254608115 stripped
Transform:
  m_PrefabParentObject: {fileID: 4765279173609134, guid: df0dda33bb3352c45aca0e65ad4db990,
    type: 2}
  m_PrefabInternal: {fileID: 254608114}
--- !u!1 &294508406
GameObject:
  m_ObjectHideFlags: 0
  m_PrefabParentObject: {fileID: 0}
  m_PrefabInternal: {fileID: 0}
  serializedVersion: 5
  m_Component:
  - component: {fileID: 294508407}
  m_Layer: 0
  m_Name: Shift
  m_TagString: Untagged
  m_Icon: {fileID: 0}
  m_NavMeshLayer: 0
  m_StaticEditorFlags: 0
  m_IsActive: 1
--- !u!4 &294508407
Transform:
  m_ObjectHideFlags: 0
  m_PrefabParentObject: {fileID: 0}
  m_PrefabInternal: {fileID: 0}
  m_GameObject: {fileID: 294508406}
  m_LocalRotation: {x: 0, y: 0, z: 0, w: 1}
  m_LocalPosition: {x: 0, y: 0, z: 0}
  m_LocalScale: {x: 1, y: 1, z: 1}
  m_Children:
  - {fileID: 684982522}
  - {fileID: 1417158860}
  - {fileID: 1767676021}
  - {fileID: 172822304}
  - {fileID: 254608115}
  - {fileID: 1585216681}
  m_Father: {fileID: 1743068461}
  m_RootOrder: 1
  m_LocalEulerAnglesHint: {x: 0, y: 0, z: 0}
--- !u!4 &425457838 stripped
Transform:
  m_PrefabParentObject: {fileID: 4759272294976342, guid: 9a3eb26afebcd7146861232ba670f2e8,
    type: 2}
  m_PrefabInternal: {fileID: 1282189018}
--- !u!4 &460652276 stripped
Transform:
  m_PrefabParentObject: {fileID: 4384027145404564, guid: f013eb2c37cf04c3db94fc6c896c9a7f,
    type: 2}
  m_PrefabInternal: {fileID: 8906125}
--- !u!1 &490927734
GameObject:
  m_ObjectHideFlags: 0
  m_PrefabParentObject: {fileID: 0}
  m_PrefabInternal: {fileID: 0}
  serializedVersion: 5
  m_Component:
  - component: {fileID: 490927735}
  m_Layer: 0
  m_Name: Speed
  m_TagString: Untagged
  m_Icon: {fileID: 0}
  m_NavMeshLayer: 0
  m_StaticEditorFlags: 0
  m_IsActive: 1
--- !u!4 &490927735
Transform:
  m_ObjectHideFlags: 0
  m_PrefabParentObject: {fileID: 0}
  m_PrefabInternal: {fileID: 0}
  m_GameObject: {fileID: 490927734}
  m_LocalRotation: {x: 0, y: 0, z: 0, w: 1}
  m_LocalPosition: {x: 0, y: 0, z: 0}
  m_LocalScale: {x: 1, y: 1, z: 1}
  m_Children:
  - {fileID: 1812096190}
  - {fileID: 1444964675}
  - {fileID: 1225516774}
  - {fileID: 1558244299}
  - {fileID: 1366443689}
  - {fileID: 858096165}
  m_Father: {fileID: 1743068461}
  m_RootOrder: 0
  m_LocalEulerAnglesHint: {x: 0, y: 0, z: 0}
--- !u!1 &510760401
GameObject:
  m_ObjectHideFlags: 0
  m_PrefabParentObject: {fileID: 0}
  m_PrefabInternal: {fileID: 0}
  serializedVersion: 5
  m_Component:
  - component: {fileID: 510760405}
  - component: {fileID: 510760404}
  - component: {fileID: 510760403}
  - component: {fileID: 510760402}
  - component: {fileID: 510760406}
  m_Layer: 0
  m_Name: Main Camera
  m_TagString: MainCamera
  m_Icon: {fileID: 0}
  m_NavMeshLayer: 0
  m_StaticEditorFlags: 0
  m_IsActive: 1
--- !u!81 &510760402
AudioListener:
  m_ObjectHideFlags: 0
  m_PrefabParentObject: {fileID: 0}
  m_PrefabInternal: {fileID: 0}
  m_GameObject: {fileID: 510760401}
  m_Enabled: 1
--- !u!124 &510760403
Behaviour:
  m_ObjectHideFlags: 0
  m_PrefabParentObject: {fileID: 0}
  m_PrefabInternal: {fileID: 0}
  m_GameObject: {fileID: 510760401}
  m_Enabled: 1
--- !u!20 &510760404
Camera:
  m_ObjectHideFlags: 0
  m_PrefabParentObject: {fileID: 0}
  m_PrefabInternal: {fileID: 0}
  m_GameObject: {fileID: 510760401}
  m_Enabled: 1
  serializedVersion: 2
  m_ClearFlags: 1
  m_BackGroundColor: {r: 0.19215687, g: 0.3019608, b: 0.4745098, a: 0}
  m_NormalizedViewPortRect:
    serializedVersion: 2
    x: 0
    y: 0
    width: 1
    height: 1
  near clip plane: 0.3
  far clip plane: 1000
  field of view: 60
  orthographic: 1
  orthographic size: 5
  m_Depth: -1
  m_CullingMask:
    serializedVersion: 2
    m_Bits: 4294967295
  m_RenderingPath: -1
  m_TargetTexture: {fileID: 0}
  m_TargetDisplay: 0
  m_TargetEye: 3
  m_HDR: 1
  m_AllowMSAA: 1
  m_AllowDynamicResolution: 0
  m_ForceIntoRT: 0
  m_OcclusionCulling: 1
  m_StereoConvergence: 10
  m_StereoSeparation: 0.022
--- !u!4 &510760405
Transform:
  m_ObjectHideFlags: 0
  m_PrefabParentObject: {fileID: 0}
  m_PrefabInternal: {fileID: 0}
  m_GameObject: {fileID: 510760401}
  m_LocalRotation: {x: -0, y: -0, z: -0, w: 1}
  m_LocalPosition: {x: 0, y: 0, z: -10}
  m_LocalScale: {x: 1, y: 1, z: 1}
  m_Children: []
  m_Father: {fileID: 0}
  m_RootOrder: 0
  m_LocalEulerAnglesHint: {x: 0, y: 0, z: 0}
--- !u!114 &510760406
MonoBehaviour:
  m_ObjectHideFlags: 0
  m_PrefabParentObject: {fileID: 0}
  m_PrefabInternal: {fileID: 0}
  m_GameObject: {fileID: 510760401}
  m_Enabled: 1
  m_EditorHideFlags: 0
  m_Script: {fileID: 11500000, guid: 6f2922681db43914d9bf513127cff21d, type: 3}
  m_Name: 
  m_EditorClassIdentifier: 
  player: {fileID: 740807586}
--- !u!4 &684982522 stripped
Transform:
  m_PrefabParentObject: {fileID: 4765279173609134, guid: df0dda33bb3352c45aca0e65ad4db990,
    type: 2}
  m_PrefabInternal: {fileID: 1632533902}
--- !u!1 &740807586 stripped
GameObject:
  m_PrefabParentObject: {fileID: 1964502653018420, guid: 9c748a79588f05a43aa2e04db4a10df6,
    type: 2}
  m_PrefabInternal: {fileID: 1559272849}
--- !u!1 &743629463
GameObject:
  m_ObjectHideFlags: 0
  m_PrefabParentObject: {fileID: 0}
  m_PrefabInternal: {fileID: 0}
  serializedVersion: 5
  m_Component:
  - component: {fileID: 743629464}
  m_Layer: 8
  m_Name: Outer Bounds
  m_TagString: Untagged
  m_Icon: {fileID: 0}
  m_NavMeshLayer: 0
  m_StaticEditorFlags: 0
  m_IsActive: 1
--- !u!4 &743629464
Transform:
  m_ObjectHideFlags: 0
  m_PrefabParentObject: {fileID: 0}
  m_PrefabInternal: {fileID: 0}
  m_GameObject: {fileID: 743629463}
  m_LocalRotation: {x: 0, y: 0, z: 0, w: 1}
  m_LocalPosition: {x: 7.6239457, y: -3.004226, z: -9.15625}
  m_LocalScale: {x: 1, y: 1, z: 1}
  m_Children:
  - {fileID: 1323149478}
  - {fileID: 1864215405}
  - {fileID: 2101815750}
  - {fileID: 1637470933}
  m_Father: {fileID: 0}
  m_RootOrder: 1
  m_LocalEulerAnglesHint: {x: 0, y: 0, z: 0}
--- !u!1 &744536812
GameObject:
  m_ObjectHideFlags: 0
  m_PrefabParentObject: {fileID: 0}
  m_PrefabInternal: {fileID: 0}
  serializedVersion: 5
  m_Component:
  - component: {fileID: 744536813}
  - component: {fileID: 744536815}
  - component: {fileID: 744536814}
  m_Layer: 9
  m_Name: Obstacle (4)
  m_TagString: Obstacle
  m_Icon: {fileID: 0}
  m_NavMeshLayer: 0
  m_StaticEditorFlags: 0
  m_IsActive: 1
--- !u!4 &744536813
Transform:
  m_ObjectHideFlags: 0
  m_PrefabParentObject: {fileID: 0}
  m_PrefabInternal: {fileID: 0}
  m_GameObject: {fileID: 744536812}
  m_LocalRotation: {x: -0, y: -0, z: -0, w: 1}
  m_LocalPosition: {x: 22.09, y: -3.066, z: -9.169922}
  m_LocalScale: {x: 3.7030833, y: 3.6221075, z: 1}
  m_Children: []
  m_Father: {fileID: 188333672}
  m_RootOrder: 4
  m_LocalEulerAnglesHint: {x: 0, y: 0, z: 0}
--- !u!61 &744536814
BoxCollider2D:
  m_ObjectHideFlags: 0
  m_PrefabParentObject: {fileID: 0}
  m_PrefabInternal: {fileID: 0}
  m_GameObject: {fileID: 744536812}
  m_Enabled: 1
  m_Density: 1
  m_Material: {fileID: 0}
  m_IsTrigger: 0
  m_UsedByEffector: 0
  m_UsedByComposite: 0
  m_Offset: {x: 0, y: 0}
  m_SpriteTilingProperty:
    border: {x: 0, y: 0, z: 0, w: 0}
    pivot: {x: 0.5, y: 0.5}
    oldSize: {x: 1, y: 1}
    newSize: {x: 0.16, y: 0.16}
    adaptiveTilingThreshold: 0.5
    drawMode: 0
    adaptiveTiling: 0
  m_AutoTiling: 0
  serializedVersion: 2
  m_Size: {x: 1, y: 1}
  m_EdgeRadius: 0
--- !u!212 &744536815
SpriteRenderer:
  m_ObjectHideFlags: 0
  m_PrefabParentObject: {fileID: 0}
  m_PrefabInternal: {fileID: 0}
  m_GameObject: {fileID: 744536812}
  m_Enabled: 1
  m_CastShadows: 0
  m_ReceiveShadows: 0
  m_DynamicOccludee: 1
  m_MotionVectors: 1
  m_LightProbeUsage: 1
  m_ReflectionProbeUsage: 1
  m_Materials:
  - {fileID: 10754, guid: 0000000000000000f000000000000000, type: 0}
  m_StaticBatchInfo:
    firstSubMesh: 0
    subMeshCount: 0
  m_StaticBatchRoot: {fileID: 0}
  m_ProbeAnchor: {fileID: 0}
  m_LightProbeVolumeOverride: {fileID: 0}
  m_ScaleInLightmap: 1
  m_PreserveUVs: 0
  m_IgnoreNormalsForChartDetection: 0
  m_ImportantGI: 0
  m_StitchLightmapSeams: 0
  m_SelectedEditorRenderState: 0
  m_MinimumChartSize: 4
  m_AutoUVMaxDistance: 0.5
  m_AutoUVMaxAngle: 89
  m_LightmapParameters: {fileID: 0}
  m_SortingLayerID: 0
  m_SortingLayer: 0
  m_SortingOrder: 0
  m_Sprite: {fileID: 21300000, guid: 64e665ff6dd86c340ade6ac680b8c846, type: 3}
  m_Color: {r: 1, g: 1, b: 1, a: 1}
  m_FlipX: 0
  m_FlipY: 0
  m_DrawMode: 0
  m_Size: {x: 0.16, y: 0.16}
  m_AdaptiveModeThreshold: 0.5
  m_SpriteTileMode: 0
  m_WasSpriteAssigned: 1
  m_MaskInteraction: 0
--- !u!1001 &790330318
Prefab:
  m_ObjectHideFlags: 0
  serializedVersion: 2
  m_Modification:
    m_TransformParent: {fileID: 490927735}
    m_Modifications:
    - target: {fileID: 4719588019849356, guid: 16ad3a1b5e124f14784eba85ef96e6eb, type: 2}
      propertyPath: m_LocalPosition.x
      value: -5
      objectReference: {fileID: 0}
    - target: {fileID: 4719588019849356, guid: 16ad3a1b5e124f14784eba85ef96e6eb, type: 2}
      propertyPath: m_LocalPosition.y
      value: 2.39
      objectReference: {fileID: 0}
    - target: {fileID: 4719588019849356, guid: 16ad3a1b5e124f14784eba85ef96e6eb, type: 2}
      propertyPath: m_LocalPosition.z
      value: 0
      objectReference: {fileID: 0}
    - target: {fileID: 4719588019849356, guid: 16ad3a1b5e124f14784eba85ef96e6eb, type: 2}
      propertyPath: m_LocalRotation.x
      value: -0
      objectReference: {fileID: 0}
    - target: {fileID: 4719588019849356, guid: 16ad3a1b5e124f14784eba85ef96e6eb, type: 2}
      propertyPath: m_LocalRotation.y
      value: -0
      objectReference: {fileID: 0}
    - target: {fileID: 4719588019849356, guid: 16ad3a1b5e124f14784eba85ef96e6eb, type: 2}
      propertyPath: m_LocalRotation.z
      value: -0
      objectReference: {fileID: 0}
    - target: {fileID: 4719588019849356, guid: 16ad3a1b5e124f14784eba85ef96e6eb, type: 2}
      propertyPath: m_LocalRotation.w
      value: 1
      objectReference: {fileID: 0}
    - target: {fileID: 4719588019849356, guid: 16ad3a1b5e124f14784eba85ef96e6eb, type: 2}
      propertyPath: m_RootOrder
      value: 0
      objectReference: {fileID: 0}
    m_RemovedComponents: []
  m_ParentPrefab: {fileID: 100100000, guid: 16ad3a1b5e124f14784eba85ef96e6eb, type: 2}
  m_IsPrefabParent: 0
--- !u!1001 &858096164
Prefab:
  m_ObjectHideFlags: 0
  serializedVersion: 2
  m_Modification:
    m_TransformParent: {fileID: 490927735}
    m_Modifications:
    - target: {fileID: 4719588019849356, guid: 16ad3a1b5e124f14784eba85ef96e6eb, type: 2}
      propertyPath: m_LocalPosition.x
      value: 25.8
      objectReference: {fileID: 0}
    - target: {fileID: 4719588019849356, guid: 16ad3a1b5e124f14784eba85ef96e6eb, type: 2}
      propertyPath: m_LocalPosition.y
      value: 2.39
      objectReference: {fileID: 0}
    - target: {fileID: 4719588019849356, guid: 16ad3a1b5e124f14784eba85ef96e6eb, type: 2}
      propertyPath: m_LocalPosition.z
      value: 0
      objectReference: {fileID: 0}
    - target: {fileID: 4719588019849356, guid: 16ad3a1b5e124f14784eba85ef96e6eb, type: 2}
      propertyPath: m_LocalRotation.x
      value: -0
      objectReference: {fileID: 0}
    - target: {fileID: 4719588019849356, guid: 16ad3a1b5e124f14784eba85ef96e6eb, type: 2}
      propertyPath: m_LocalRotation.y
      value: -0
      objectReference: {fileID: 0}
    - target: {fileID: 4719588019849356, guid: 16ad3a1b5e124f14784eba85ef96e6eb, type: 2}
      propertyPath: m_LocalRotation.z
      value: -0
      objectReference: {fileID: 0}
    - target: {fileID: 4719588019849356, guid: 16ad3a1b5e124f14784eba85ef96e6eb, type: 2}
      propertyPath: m_LocalRotation.w
      value: 1
      objectReference: {fileID: 0}
    - target: {fileID: 4719588019849356, guid: 16ad3a1b5e124f14784eba85ef96e6eb, type: 2}
      propertyPath: m_RootOrder
      value: 5
      objectReference: {fileID: 0}
    - target: {fileID: 1252458135069932, guid: 16ad3a1b5e124f14784eba85ef96e6eb, type: 2}
      propertyPath: m_Name
      value: Speed (6)
      objectReference: {fileID: 0}
    m_RemovedComponents: []
  m_ParentPrefab: {fileID: 100100000, guid: 16ad3a1b5e124f14784eba85ef96e6eb, type: 2}
  m_IsPrefabParent: 0
--- !u!4 &858096165 stripped
Transform:
  m_PrefabParentObject: {fileID: 4719588019849356, guid: 16ad3a1b5e124f14784eba85ef96e6eb,
    type: 2}
  m_PrefabInternal: {fileID: 858096164}
--- !u!1 &1029207324 stripped
GameObject:
  m_PrefabParentObject: {fileID: 1661186783287222, guid: 9c748a79588f05a43aa2e04db4a10df6,
    type: 2}
  m_PrefabInternal: {fileID: 1559272849}
--- !u!212 &1029207327 stripped
SpriteRenderer:
  m_PrefabParentObject: {fileID: 212735909296964456, guid: 9c748a79588f05a43aa2e04db4a10df6,
    type: 2}
  m_PrefabInternal: {fileID: 1559272849}
--- !u!1001 &1225516773
Prefab:
  m_ObjectHideFlags: 0
  serializedVersion: 2
  m_Modification:
    m_TransformParent: {fileID: 490927735}
    m_Modifications:
    - target: {fileID: 4719588019849356, guid: 16ad3a1b5e124f14784eba85ef96e6eb, type: 2}
      propertyPath: m_LocalPosition.x
      value: 7.3
      objectReference: {fileID: 0}
    - target: {fileID: 4719588019849356, guid: 16ad3a1b5e124f14784eba85ef96e6eb, type: 2}
      propertyPath: m_LocalPosition.y
      value: 2.39
      objectReference: {fileID: 0}
    - target: {fileID: 4719588019849356, guid: 16ad3a1b5e124f14784eba85ef96e6eb, type: 2}
      propertyPath: m_LocalPosition.z
      value: 0
      objectReference: {fileID: 0}
    - target: {fileID: 4719588019849356, guid: 16ad3a1b5e124f14784eba85ef96e6eb, type: 2}
      propertyPath: m_LocalRotation.x
      value: -0
      objectReference: {fileID: 0}
    - target: {fileID: 4719588019849356, guid: 16ad3a1b5e124f14784eba85ef96e6eb, type: 2}
      propertyPath: m_LocalRotation.y
      value: -0
      objectReference: {fileID: 0}
    - target: {fileID: 4719588019849356, guid: 16ad3a1b5e124f14784eba85ef96e6eb, type: 2}
      propertyPath: m_LocalRotation.z
      value: -0
      objectReference: {fileID: 0}
    - target: {fileID: 4719588019849356, guid: 16ad3a1b5e124f14784eba85ef96e6eb, type: 2}
      propertyPath: m_LocalRotation.w
      value: 1
      objectReference: {fileID: 0}
    - target: {fileID: 4719588019849356, guid: 16ad3a1b5e124f14784eba85ef96e6eb, type: 2}
      propertyPath: m_RootOrder
      value: 2
      objectReference: {fileID: 0}
    - target: {fileID: 1252458135069932, guid: 16ad3a1b5e124f14784eba85ef96e6eb, type: 2}
      propertyPath: m_Name
      value: Speed (3)
      objectReference: {fileID: 0}
    m_RemovedComponents: []
  m_ParentPrefab: {fileID: 100100000, guid: 16ad3a1b5e124f14784eba85ef96e6eb, type: 2}
  m_IsPrefabParent: 0
--- !u!4 &1225516774 stripped
Transform:
  m_PrefabParentObject: {fileID: 4719588019849356, guid: 16ad3a1b5e124f14784eba85ef96e6eb,
    type: 2}
  m_PrefabInternal: {fileID: 1225516773}
--- !u!1001 &1282189018
Prefab:
  m_ObjectHideFlags: 0
  serializedVersion: 2
  m_Modification:
    m_TransformParent: {fileID: 6595805}
    m_Modifications:
    - target: {fileID: 4759272294976342, guid: 9a3eb26afebcd7146861232ba670f2e8, type: 2}
      propertyPath: m_LocalPosition.x
      value: 5.73
      objectReference: {fileID: 0}
    - target: {fileID: 4759272294976342, guid: 9a3eb26afebcd7146861232ba670f2e8, type: 2}
      propertyPath: m_LocalPosition.y
      value: -3.42
      objectReference: {fileID: 0}
    - target: {fileID: 4759272294976342, guid: 9a3eb26afebcd7146861232ba670f2e8, type: 2}
      propertyPath: m_LocalPosition.z
      value: 0
      objectReference: {fileID: 0}
    - target: {fileID: 4759272294976342, guid: 9a3eb26afebcd7146861232ba670f2e8, type: 2}
      propertyPath: m_LocalRotation.x
      value: -0
      objectReference: {fileID: 0}
    - target: {fileID: 4759272294976342, guid: 9a3eb26afebcd7146861232ba670f2e8, type: 2}
      propertyPath: m_LocalRotation.y
      value: -0
      objectReference: {fileID: 0}
    - target: {fileID: 4759272294976342, guid: 9a3eb26afebcd7146861232ba670f2e8, type: 2}
      propertyPath: m_LocalRotation.z
      value: -0
      objectReference: {fileID: 0}
    - target: {fileID: 4759272294976342, guid: 9a3eb26afebcd7146861232ba670f2e8, type: 2}
      propertyPath: m_LocalRotation.w
      value: 1
      objectReference: {fileID: 0}
    - target: {fileID: 4759272294976342, guid: 9a3eb26afebcd7146861232ba670f2e8, type: 2}
      propertyPath: m_RootOrder
      value: 2
      objectReference: {fileID: 0}
    - target: {fileID: 1515428085017138, guid: 9a3eb26afebcd7146861232ba670f2e8, type: 2}
      propertyPath: m_Name
      value: AoE
      objectReference: {fileID: 0}
    m_RemovedComponents: []
  m_ParentPrefab: {fileID: 100100000, guid: 9a3eb26afebcd7146861232ba670f2e8, type: 2}
  m_IsPrefabParent: 0
--- !u!1 &1323022288
GameObject:
  m_ObjectHideFlags: 0
  m_PrefabParentObject: {fileID: 0}
  m_PrefabInternal: {fileID: 0}
  serializedVersion: 5
  m_Component:
  - component: {fileID: 1323022289}
  - component: {fileID: 1323022291}
  - component: {fileID: 1323022290}
  m_Layer: 9
  m_Name: Obstacle (1)
  m_TagString: Obstacle
  m_Icon: {fileID: 0}
  m_NavMeshLayer: 0
  m_StaticEditorFlags: 0
  m_IsActive: 1
--- !u!4 &1323022289
Transform:
  m_ObjectHideFlags: 0
  m_PrefabParentObject: {fileID: 0}
  m_PrefabInternal: {fileID: 0}
  m_GameObject: {fileID: 1323022288}
  m_LocalRotation: {x: -0, y: -0, z: -0, w: 1}
  m_LocalPosition: {x: 4.575, y: 1.53, z: -9.169922}
  m_LocalScale: {x: 0.8643572, y: 6.8663797, z: 1}
  m_Children: []
  m_Father: {fileID: 188333672}
  m_RootOrder: 1
  m_LocalEulerAnglesHint: {x: 0, y: 0, z: 0}
--- !u!61 &1323022290
BoxCollider2D:
  m_ObjectHideFlags: 0
  m_PrefabParentObject: {fileID: 0}
  m_PrefabInternal: {fileID: 0}
  m_GameObject: {fileID: 1323022288}
  m_Enabled: 1
  m_Density: 1
  m_Material: {fileID: 0}
  m_IsTrigger: 0
  m_UsedByEffector: 0
  m_UsedByComposite: 0
  m_Offset: {x: 0, y: 0}
  m_SpriteTilingProperty:
    border: {x: 0, y: 0, z: 0, w: 0}
    pivot: {x: 0.5, y: 0.5}
    oldSize: {x: 1, y: 1}
    newSize: {x: 0.16, y: 0.16}
    adaptiveTilingThreshold: 0.5
    drawMode: 0
    adaptiveTiling: 0
  m_AutoTiling: 0
  serializedVersion: 2
  m_Size: {x: 1, y: 1}
  m_EdgeRadius: 0
--- !u!212 &1323022291
SpriteRenderer:
  m_ObjectHideFlags: 0
  m_PrefabParentObject: {fileID: 0}
  m_PrefabInternal: {fileID: 0}
  m_GameObject: {fileID: 1323022288}
  m_Enabled: 1
  m_CastShadows: 0
  m_ReceiveShadows: 0
  m_DynamicOccludee: 1
  m_MotionVectors: 1
  m_LightProbeUsage: 1
  m_ReflectionProbeUsage: 1
  m_Materials:
  - {fileID: 10754, guid: 0000000000000000f000000000000000, type: 0}
  m_StaticBatchInfo:
    firstSubMesh: 0
    subMeshCount: 0
  m_StaticBatchRoot: {fileID: 0}
  m_ProbeAnchor: {fileID: 0}
  m_LightProbeVolumeOverride: {fileID: 0}
  m_ScaleInLightmap: 1
  m_PreserveUVs: 0
  m_IgnoreNormalsForChartDetection: 0
  m_ImportantGI: 0
  m_StitchLightmapSeams: 0
  m_SelectedEditorRenderState: 0
  m_MinimumChartSize: 4
  m_AutoUVMaxDistance: 0.5
  m_AutoUVMaxAngle: 89
  m_LightmapParameters: {fileID: 0}
  m_SortingLayerID: 0
  m_SortingLayer: 0
  m_SortingOrder: 0
  m_Sprite: {fileID: 21300000, guid: 64e665ff6dd86c340ade6ac680b8c846, type: 3}
  m_Color: {r: 1, g: 1, b: 1, a: 1}
  m_FlipX: 0
  m_FlipY: 0
  m_DrawMode: 0
  m_Size: {x: 0.16, y: 0.16}
  m_AdaptiveModeThreshold: 0.5
  m_SpriteTileMode: 0
  m_WasSpriteAssigned: 1
  m_MaskInteraction: 0
--- !u!1 &1323149475
GameObject:
  m_ObjectHideFlags: 0
  m_PrefabParentObject: {fileID: 0}
  m_PrefabInternal: {fileID: 0}
  serializedVersion: 5
  m_Component:
  - component: {fileID: 1323149478}
  - component: {fileID: 1323149477}
  - component: {fileID: 1323149476}
  m_Layer: 8
  m_Name: New Sprite
  m_TagString: Obstacle
  m_Icon: {fileID: 0}
  m_NavMeshLayer: 0
  m_StaticEditorFlags: 0
  m_IsActive: 1
--- !u!61 &1323149476
BoxCollider2D:
  m_ObjectHideFlags: 0
  m_PrefabParentObject: {fileID: 0}
  m_PrefabInternal: {fileID: 0}
  m_GameObject: {fileID: 1323149475}
  m_Enabled: 1
  m_Density: 1
  m_Material: {fileID: 0}
  m_IsTrigger: 0
  m_UsedByEffector: 0
  m_UsedByComposite: 0
  m_Offset: {x: 0, y: 0}
  m_SpriteTilingProperty:
    border: {x: 0, y: 0, z: 0, w: 0}
    pivot: {x: 0.5, y: 0.5}
    oldSize: {x: 1, y: 1}
    newSize: {x: 0.16, y: 0.16}
    adaptiveTilingThreshold: 0.5
    drawMode: 0
    adaptiveTiling: 0
  m_AutoTiling: 0
  serializedVersion: 2
  m_Size: {x: 1, y: 1}
  m_EdgeRadius: 0
--- !u!212 &1323149477
SpriteRenderer:
  m_ObjectHideFlags: 0
  m_PrefabParentObject: {fileID: 0}
  m_PrefabInternal: {fileID: 0}
  m_GameObject: {fileID: 1323149475}
  m_Enabled: 1
  m_CastShadows: 0
  m_ReceiveShadows: 0
  m_DynamicOccludee: 1
  m_MotionVectors: 1
  m_LightProbeUsage: 1
  m_ReflectionProbeUsage: 1
  m_Materials:
  - {fileID: 10754, guid: 0000000000000000f000000000000000, type: 0}
  m_StaticBatchInfo:
    firstSubMesh: 0
    subMeshCount: 0
  m_StaticBatchRoot: {fileID: 0}
  m_ProbeAnchor: {fileID: 0}
  m_LightProbeVolumeOverride: {fileID: 0}
  m_ScaleInLightmap: 1
  m_PreserveUVs: 0
  m_IgnoreNormalsForChartDetection: 0
  m_ImportantGI: 0
  m_StitchLightmapSeams: 0
  m_SelectedEditorRenderState: 0
  m_MinimumChartSize: 4
  m_AutoUVMaxDistance: 0.5
  m_AutoUVMaxAngle: 89
  m_LightmapParameters: {fileID: 0}
  m_SortingLayerID: 0
  m_SortingLayer: 0
  m_SortingOrder: 0
  m_Sprite: {fileID: 21300000, guid: 64e665ff6dd86c340ade6ac680b8c846, type: 3}
  m_Color: {r: 1, g: 1, b: 1, a: 1}
  m_FlipX: 0
  m_FlipY: 0
  m_DrawMode: 0
  m_Size: {x: 0.16, y: 0.16}
  m_AdaptiveModeThreshold: 0.5
  m_SpriteTileMode: 0
  m_WasSpriteAssigned: 1
  m_MaskInteraction: 0
--- !u!4 &1323149478
Transform:
  m_ObjectHideFlags: 0
  m_PrefabParentObject: {fileID: 0}
  m_PrefabInternal: {fileID: 0}
  m_GameObject: {fileID: 1323149475}
  m_LocalRotation: {x: -0, y: -0, z: -0, w: 1}
  m_LocalPosition: {x: 2.5150542, y: 7.734226, z: -0.013671875}
  m_LocalScale: {x: 35.58898, y: 0.63564396, z: 1}
  m_Children: []
  m_Father: {fileID: 743629464}
  m_RootOrder: 0
  m_LocalEulerAnglesHint: {x: 0, y: 0, z: 0}
--- !u!1 &1343482285
GameObject:
  m_ObjectHideFlags: 0
  m_PrefabParentObject: {fileID: 0}
  m_PrefabInternal: {fileID: 0}
  serializedVersion: 5
  m_Component:
  - component: {fileID: 1343482286}
  - component: {fileID: 1343482288}
  - component: {fileID: 1343482287}
  m_Layer: 9
  m_Name: Obstacle (3)
  m_TagString: Obstacle
  m_Icon: {fileID: 0}
  m_NavMeshLayer: 0
  m_StaticEditorFlags: 0
  m_IsActive: 1
--- !u!4 &1343482286
Transform:
  m_ObjectHideFlags: 0
  m_PrefabParentObject: {fileID: 0}
  m_PrefabInternal: {fileID: 0}
  m_GameObject: {fileID: 1343482285}
  m_LocalRotation: {x: -0, y: -0, z: -0, w: 1}
  m_LocalPosition: {x: 16.33, y: -6.716, z: -9.169922}
  m_LocalScale: {x: 0.594, y: 8.758873, z: 1}
  m_Children: []
  m_Father: {fileID: 188333672}
  m_RootOrder: 3
  m_LocalEulerAnglesHint: {x: 0, y: 0, z: 0}
--- !u!61 &1343482287
BoxCollider2D:
  m_ObjectHideFlags: 0
  m_PrefabParentObject: {fileID: 0}
  m_PrefabInternal: {fileID: 0}
  m_GameObject: {fileID: 1343482285}
  m_Enabled: 1
  m_Density: 1
  m_Material: {fileID: 0}
  m_IsTrigger: 0
  m_UsedByEffector: 0
  m_UsedByComposite: 0
  m_Offset: {x: 0, y: 0}
  m_SpriteTilingProperty:
    border: {x: 0, y: 0, z: 0, w: 0}
    pivot: {x: 0.5, y: 0.5}
    oldSize: {x: 1, y: 1}
    newSize: {x: 0.16, y: 0.16}
    adaptiveTilingThreshold: 0.5
    drawMode: 0
    adaptiveTiling: 0
  m_AutoTiling: 0
  serializedVersion: 2
  m_Size: {x: 1, y: 1}
  m_EdgeRadius: 0
--- !u!212 &1343482288
SpriteRenderer:
  m_ObjectHideFlags: 0
  m_PrefabParentObject: {fileID: 0}
  m_PrefabInternal: {fileID: 0}
  m_GameObject: {fileID: 1343482285}
  m_Enabled: 1
  m_CastShadows: 0
  m_ReceiveShadows: 0
  m_DynamicOccludee: 1
  m_MotionVectors: 1
  m_LightProbeUsage: 1
  m_ReflectionProbeUsage: 1
  m_Materials:
  - {fileID: 10754, guid: 0000000000000000f000000000000000, type: 0}
  m_StaticBatchInfo:
    firstSubMesh: 0
    subMeshCount: 0
  m_StaticBatchRoot: {fileID: 0}
  m_ProbeAnchor: {fileID: 0}
  m_LightProbeVolumeOverride: {fileID: 0}
  m_ScaleInLightmap: 1
  m_PreserveUVs: 0
  m_IgnoreNormalsForChartDetection: 0
  m_ImportantGI: 0
  m_StitchLightmapSeams: 0
  m_SelectedEditorRenderState: 0
  m_MinimumChartSize: 4
  m_AutoUVMaxDistance: 0.5
  m_AutoUVMaxAngle: 89
  m_LightmapParameters: {fileID: 0}
  m_SortingLayerID: 0
  m_SortingLayer: 0
  m_SortingOrder: 0
  m_Sprite: {fileID: 21300000, guid: 64e665ff6dd86c340ade6ac680b8c846, type: 3}
  m_Color: {r: 1, g: 1, b: 1, a: 1}
  m_FlipX: 0
  m_FlipY: 0
  m_DrawMode: 0
  m_Size: {x: 0.16, y: 0.16}
  m_AdaptiveModeThreshold: 0.5
  m_SpriteTileMode: 0
  m_WasSpriteAssigned: 1
  m_MaskInteraction: 0
--- !u!1001 &1366443688
Prefab:
  m_ObjectHideFlags: 0
  serializedVersion: 2
  m_Modification:
    m_TransformParent: {fileID: 490927735}
    m_Modifications:
    - target: {fileID: 4719588019849356, guid: 16ad3a1b5e124f14784eba85ef96e6eb, type: 2}
      propertyPath: m_LocalPosition.x
      value: 19.7
      objectReference: {fileID: 0}
    - target: {fileID: 4719588019849356, guid: 16ad3a1b5e124f14784eba85ef96e6eb, type: 2}
      propertyPath: m_LocalPosition.y
      value: 2.39
      objectReference: {fileID: 0}
    - target: {fileID: 4719588019849356, guid: 16ad3a1b5e124f14784eba85ef96e6eb, type: 2}
      propertyPath: m_LocalPosition.z
      value: 0
      objectReference: {fileID: 0}
    - target: {fileID: 4719588019849356, guid: 16ad3a1b5e124f14784eba85ef96e6eb, type: 2}
      propertyPath: m_LocalRotation.x
      value: -0
      objectReference: {fileID: 0}
    - target: {fileID: 4719588019849356, guid: 16ad3a1b5e124f14784eba85ef96e6eb, type: 2}
      propertyPath: m_LocalRotation.y
      value: -0
      objectReference: {fileID: 0}
    - target: {fileID: 4719588019849356, guid: 16ad3a1b5e124f14784eba85ef96e6eb, type: 2}
      propertyPath: m_LocalRotation.z
      value: -0
      objectReference: {fileID: 0}
    - target: {fileID: 4719588019849356, guid: 16ad3a1b5e124f14784eba85ef96e6eb, type: 2}
      propertyPath: m_LocalRotation.w
      value: 1
      objectReference: {fileID: 0}
    - target: {fileID: 4719588019849356, guid: 16ad3a1b5e124f14784eba85ef96e6eb, type: 2}
      propertyPath: m_RootOrder
      value: 4
      objectReference: {fileID: 0}
    - target: {fileID: 1252458135069932, guid: 16ad3a1b5e124f14784eba85ef96e6eb, type: 2}
      propertyPath: m_Name
      value: Speed (5)
      objectReference: {fileID: 0}
    m_RemovedComponents: []
  m_ParentPrefab: {fileID: 100100000, guid: 16ad3a1b5e124f14784eba85ef96e6eb, type: 2}
  m_IsPrefabParent: 0
--- !u!4 &1366443689 stripped
Transform:
  m_PrefabParentObject: {fileID: 4719588019849356, guid: 16ad3a1b5e124f14784eba85ef96e6eb,
    type: 2}
  m_PrefabInternal: {fileID: 1366443688}
--- !u!1001 &1417158859
Prefab:
  m_ObjectHideFlags: 0
  serializedVersion: 2
  m_Modification:
    m_TransformParent: {fileID: 294508407}
    m_Modifications:
    - target: {fileID: 4765279173609134, guid: df0dda33bb3352c45aca0e65ad4db990, type: 2}
      propertyPath: m_LocalPosition.x
      value: 0.9
      objectReference: {fileID: 0}
    - target: {fileID: 4765279173609134, guid: df0dda33bb3352c45aca0e65ad4db990, type: 2}
      propertyPath: m_LocalPosition.y
      value: -9.28
      objectReference: {fileID: 0}
    - target: {fileID: 4765279173609134, guid: df0dda33bb3352c45aca0e65ad4db990, type: 2}
      propertyPath: m_LocalPosition.z
      value: 0
      objectReference: {fileID: 0}
    - target: {fileID: 4765279173609134, guid: df0dda33bb3352c45aca0e65ad4db990, type: 2}
      propertyPath: m_LocalRotation.x
      value: -0
      objectReference: {fileID: 0}
    - target: {fileID: 4765279173609134, guid: df0dda33bb3352c45aca0e65ad4db990, type: 2}
      propertyPath: m_LocalRotation.y
      value: -0
      objectReference: {fileID: 0}
    - target: {fileID: 4765279173609134, guid: df0dda33bb3352c45aca0e65ad4db990, type: 2}
      propertyPath: m_LocalRotation.z
      value: -0
      objectReference: {fileID: 0}
    - target: {fileID: 4765279173609134, guid: df0dda33bb3352c45aca0e65ad4db990, type: 2}
      propertyPath: m_LocalRotation.w
      value: 1
      objectReference: {fileID: 0}
    - target: {fileID: 4765279173609134, guid: df0dda33bb3352c45aca0e65ad4db990, type: 2}
      propertyPath: m_RootOrder
      value: 1
      objectReference: {fileID: 0}
    - target: {fileID: 1494997289483964, guid: df0dda33bb3352c45aca0e65ad4db990, type: 2}
      propertyPath: m_Name
      value: Shift (1)
      objectReference: {fileID: 0}
    m_RemovedComponents: []
  m_ParentPrefab: {fileID: 100100000, guid: df0dda33bb3352c45aca0e65ad4db990, type: 2}
  m_IsPrefabParent: 0
--- !u!4 &1417158860 stripped
Transform:
  m_PrefabParentObject: {fileID: 4765279173609134, guid: df0dda33bb3352c45aca0e65ad4db990,
    type: 2}
  m_PrefabInternal: {fileID: 1417158859}
--- !u!1001 &1444964674
Prefab:
  m_ObjectHideFlags: 0
  serializedVersion: 2
  m_Modification:
    m_TransformParent: {fileID: 490927735}
    m_Modifications:
    - target: {fileID: 4719588019849356, guid: 16ad3a1b5e124f14784eba85ef96e6eb, type: 2}
      propertyPath: m_LocalPosition.x
      value: 1.2
      objectReference: {fileID: 0}
    - target: {fileID: 4719588019849356, guid: 16ad3a1b5e124f14784eba85ef96e6eb, type: 2}
      propertyPath: m_LocalPosition.y
      value: 2.39
      objectReference: {fileID: 0}
    - target: {fileID: 4719588019849356, guid: 16ad3a1b5e124f14784eba85ef96e6eb, type: 2}
      propertyPath: m_LocalPosition.z
      value: 0
      objectReference: {fileID: 0}
    - target: {fileID: 4719588019849356, guid: 16ad3a1b5e124f14784eba85ef96e6eb, type: 2}
      propertyPath: m_LocalRotation.x
      value: -0
      objectReference: {fileID: 0}
    - target: {fileID: 4719588019849356, guid: 16ad3a1b5e124f14784eba85ef96e6eb, type: 2}
      propertyPath: m_LocalRotation.y
      value: -0
      objectReference: {fileID: 0}
    - target: {fileID: 4719588019849356, guid: 16ad3a1b5e124f14784eba85ef96e6eb, type: 2}
      propertyPath: m_LocalRotation.z
      value: -0
      objectReference: {fileID: 0}
    - target: {fileID: 4719588019849356, guid: 16ad3a1b5e124f14784eba85ef96e6eb, type: 2}
      propertyPath: m_LocalRotation.w
      value: 1
      objectReference: {fileID: 0}
    - target: {fileID: 4719588019849356, guid: 16ad3a1b5e124f14784eba85ef96e6eb, type: 2}
      propertyPath: m_RootOrder
      value: 1
      objectReference: {fileID: 0}
    - target: {fileID: 1252458135069932, guid: 16ad3a1b5e124f14784eba85ef96e6eb, type: 2}
      propertyPath: m_Name
      value: Speed (2)
      objectReference: {fileID: 0}
    m_RemovedComponents: []
  m_ParentPrefab: {fileID: 100100000, guid: 16ad3a1b5e124f14784eba85ef96e6eb, type: 2}
  m_IsPrefabParent: 0
--- !u!4 &1444964675 stripped
Transform:
  m_PrefabParentObject: {fileID: 4719588019849356, guid: 16ad3a1b5e124f14784eba85ef96e6eb,
    type: 2}
  m_PrefabInternal: {fileID: 1444964674}
--- !u!1001 &1558244298
Prefab:
  m_ObjectHideFlags: 0
  serializedVersion: 2
  m_Modification:
    m_TransformParent: {fileID: 490927735}
    m_Modifications:
    - target: {fileID: 4719588019849356, guid: 16ad3a1b5e124f14784eba85ef96e6eb, type: 2}
      propertyPath: m_LocalPosition.x
      value: 13.1
      objectReference: {fileID: 0}
    - target: {fileID: 4719588019849356, guid: 16ad3a1b5e124f14784eba85ef96e6eb, type: 2}
      propertyPath: m_LocalPosition.y
      value: 2.39
      objectReference: {fileID: 0}
    - target: {fileID: 4719588019849356, guid: 16ad3a1b5e124f14784eba85ef96e6eb, type: 2}
      propertyPath: m_LocalPosition.z
      value: 0
      objectReference: {fileID: 0}
    - target: {fileID: 4719588019849356, guid: 16ad3a1b5e124f14784eba85ef96e6eb, type: 2}
      propertyPath: m_LocalRotation.x
      value: -0
      objectReference: {fileID: 0}
    - target: {fileID: 4719588019849356, guid: 16ad3a1b5e124f14784eba85ef96e6eb, type: 2}
      propertyPath: m_LocalRotation.y
      value: -0
      objectReference: {fileID: 0}
    - target: {fileID: 4719588019849356, guid: 16ad3a1b5e124f14784eba85ef96e6eb, type: 2}
      propertyPath: m_LocalRotation.z
      value: -0
      objectReference: {fileID: 0}
    - target: {fileID: 4719588019849356, guid: 16ad3a1b5e124f14784eba85ef96e6eb, type: 2}
      propertyPath: m_LocalRotation.w
      value: 1
      objectReference: {fileID: 0}
    - target: {fileID: 4719588019849356, guid: 16ad3a1b5e124f14784eba85ef96e6eb, type: 2}
      propertyPath: m_RootOrder
      value: 3
      objectReference: {fileID: 0}
    - target: {fileID: 1252458135069932, guid: 16ad3a1b5e124f14784eba85ef96e6eb, type: 2}
      propertyPath: m_Name
      value: Speed (4)
      objectReference: {fileID: 0}
    m_RemovedComponents: []
  m_ParentPrefab: {fileID: 100100000, guid: 16ad3a1b5e124f14784eba85ef96e6eb, type: 2}
  m_IsPrefabParent: 0
--- !u!4 &1558244299 stripped
Transform:
  m_PrefabParentObject: {fileID: 4719588019849356, guid: 16ad3a1b5e124f14784eba85ef96e6eb,
    type: 2}
  m_PrefabInternal: {fileID: 1558244298}
--- !u!1001 &1559272849
Prefab:
  m_ObjectHideFlags: 0
  serializedVersion: 2
  m_Modification:
    m_TransformParent: {fileID: 0}
    m_Modifications:
    - target: {fileID: 4809445983547998, guid: 9c748a79588f05a43aa2e04db4a10df6, type: 2}
      propertyPath: m_LocalPosition.x
      value: 7.2
      objectReference: {fileID: 0}
    - target: {fileID: 4809445983547998, guid: 9c748a79588f05a43aa2e04db4a10df6, type: 2}
      propertyPath: m_LocalPosition.y
      value: -3.5
      objectReference: {fileID: 0}
    - target: {fileID: 4809445983547998, guid: 9c748a79588f05a43aa2e04db4a10df6, type: 2}
      propertyPath: m_LocalPosition.z
      value: 0
      objectReference: {fileID: 0}
    - target: {fileID: 4809445983547998, guid: 9c748a79588f05a43aa2e04db4a10df6, type: 2}
      propertyPath: m_LocalRotation.x
      value: 0
      objectReference: {fileID: 0}
    - target: {fileID: 4809445983547998, guid: 9c748a79588f05a43aa2e04db4a10df6, type: 2}
      propertyPath: m_LocalRotation.y
      value: 0
      objectReference: {fileID: 0}
    - target: {fileID: 4809445983547998, guid: 9c748a79588f05a43aa2e04db4a10df6, type: 2}
      propertyPath: m_LocalRotation.z
      value: 0
      objectReference: {fileID: 0}
    - target: {fileID: 4809445983547998, guid: 9c748a79588f05a43aa2e04db4a10df6, type: 2}
      propertyPath: m_LocalRotation.w
      value: 1
      objectReference: {fileID: 0}
    - target: {fileID: 4809445983547998, guid: 9c748a79588f05a43aa2e04db4a10df6, type: 2}
      propertyPath: m_RootOrder
      value: 2
      objectReference: {fileID: 0}
    - target: {fileID: 114765247173026606, guid: 9c748a79588f05a43aa2e04db4a10df6,
        type: 2}
      propertyPath: ShiftLayer
      value: 10
      objectReference: {fileID: 0}
    - target: {fileID: 114765247173026606, guid: 9c748a79588f05a43aa2e04db4a10df6,
        type: 2}
      propertyPath: speedMultiplier
      value: 2.58
      objectReference: {fileID: 0}
    - target: {fileID: 114765247173026606, guid: 9c748a79588f05a43aa2e04db4a10df6,
        type: 2}
      propertyPath: powerSpeedDuration
      value: 7.96
      objectReference: {fileID: 0}
    - target: {fileID: 114765247173026606, guid: 9c748a79588f05a43aa2e04db4a10df6,
        type: 2}
      propertyPath: currentSpeed
      value: 9.64
      objectReference: {fileID: 0}
    - target: {fileID: 114765247173026606, guid: 9c748a79588f05a43aa2e04db4a10df6,
        type: 2}
      propertyPath: powerShiftDuration
      value: 10
      objectReference: {fileID: 0}
    - target: {fileID: 212735909296964456, guid: 9c748a79588f05a43aa2e04db4a10df6,
        type: 2}
      propertyPath: m_Sprite
      value: 
      objectReference: {fileID: 21300000, guid: db2a597040315ed4b9b93d1957b2ad70,
        type: 3}
    - target: {fileID: 4091575775415860, guid: 9c748a79588f05a43aa2e04db4a10df6, type: 2}
      propertyPath: m_LocalScale.x
      value: 2
      objectReference: {fileID: 0}
    - target: {fileID: 4091575775415860, guid: 9c748a79588f05a43aa2e04db4a10df6, type: 2}
      propertyPath: m_LocalScale.y
      value: 2
      objectReference: {fileID: 0}
    - target: {fileID: 4091575775415860, guid: 9c748a79588f05a43aa2e04db4a10df6, type: 2}
      propertyPath: m_LocalScale.z
      value: 2
      objectReference: {fileID: 0}
    - target: {fileID: 114765247173026606, guid: 9c748a79588f05a43aa2e04db4a10df6,
        type: 2}
      propertyPath: spriteRenderer
      value: 
      objectReference: {fileID: 1029207327}
    - target: {fileID: 114765247173026606, guid: 9c748a79588f05a43aa2e04db4a10df6,
        type: 2}
      propertyPath: spriteHolder
      value: 
      objectReference: {fileID: 1029207324}
    - target: {fileID: 4091575775415860, guid: 9c748a79588f05a43aa2e04db4a10df6, type: 2}
      propertyPath: m_LocalPosition.x
      value: 0
      objectReference: {fileID: 0}
    - target: {fileID: 4091575775415860, guid: 9c748a79588f05a43aa2e04db4a10df6, type: 2}
      propertyPath: m_LocalPosition.y
      value: 0
      objectReference: {fileID: 0}
    m_RemovedComponents: []
  m_ParentPrefab: {fileID: 100100000, guid: 9c748a79588f05a43aa2e04db4a10df6, type: 2}
  m_IsPrefabParent: 0
--- !u!1001 &1585216680
Prefab:
  m_ObjectHideFlags: 0
  serializedVersion: 2
  m_Modification:
    m_TransformParent: {fileID: 294508407}
    m_Modifications:
    - target: {fileID: 4765279173609134, guid: df0dda33bb3352c45aca0e65ad4db990, type: 2}
      propertyPath: m_LocalPosition.x
      value: 25.2
      objectReference: {fileID: 0}
    - target: {fileID: 4765279173609134, guid: df0dda33bb3352c45aca0e65ad4db990, type: 2}
      propertyPath: m_LocalPosition.y
      value: -9.28
      objectReference: {fileID: 0}
    - target: {fileID: 4765279173609134, guid: df0dda33bb3352c45aca0e65ad4db990, type: 2}
      propertyPath: m_LocalPosition.z
      value: 0
      objectReference: {fileID: 0}
    - target: {fileID: 4765279173609134, guid: df0dda33bb3352c45aca0e65ad4db990, type: 2}
      propertyPath: m_LocalRotation.x
      value: -0
      objectReference: {fileID: 0}
    - target: {fileID: 4765279173609134, guid: df0dda33bb3352c45aca0e65ad4db990, type: 2}
      propertyPath: m_LocalRotation.y
      value: -0
      objectReference: {fileID: 0}
    - target: {fileID: 4765279173609134, guid: df0dda33bb3352c45aca0e65ad4db990, type: 2}
      propertyPath: m_LocalRotation.z
      value: -0
      objectReference: {fileID: 0}
    - target: {fileID: 4765279173609134, guid: df0dda33bb3352c45aca0e65ad4db990, type: 2}
      propertyPath: m_LocalRotation.w
      value: 1
      objectReference: {fileID: 0}
    - target: {fileID: 4765279173609134, guid: df0dda33bb3352c45aca0e65ad4db990, type: 2}
      propertyPath: m_RootOrder
      value: 5
      objectReference: {fileID: 0}
    - target: {fileID: 1494997289483964, guid: df0dda33bb3352c45aca0e65ad4db990, type: 2}
      propertyPath: m_Name
      value: Shift (5)
      objectReference: {fileID: 0}
    m_RemovedComponents: []
  m_ParentPrefab: {fileID: 100100000, guid: df0dda33bb3352c45aca0e65ad4db990, type: 2}
  m_IsPrefabParent: 0
--- !u!4 &1585216681 stripped
Transform:
  m_PrefabParentObject: {fileID: 4765279173609134, guid: df0dda33bb3352c45aca0e65ad4db990,
    type: 2}
  m_PrefabInternal: {fileID: 1585216680}
--- !u!1001 &1632533902
Prefab:
  m_ObjectHideFlags: 0
  serializedVersion: 2
  m_Modification:
    m_TransformParent: {fileID: 294508407}
    m_Modifications:
    - target: {fileID: 4765279173609134, guid: df0dda33bb3352c45aca0e65ad4db990, type: 2}
      propertyPath: m_LocalPosition.x
      value: -4.91
      objectReference: {fileID: 0}
    - target: {fileID: 4765279173609134, guid: df0dda33bb3352c45aca0e65ad4db990, type: 2}
      propertyPath: m_LocalPosition.y
      value: -9.28
      objectReference: {fileID: 0}
    - target: {fileID: 4765279173609134, guid: df0dda33bb3352c45aca0e65ad4db990, type: 2}
      propertyPath: m_LocalPosition.z
      value: 0
      objectReference: {fileID: 0}
    - target: {fileID: 4765279173609134, guid: df0dda33bb3352c45aca0e65ad4db990, type: 2}
      propertyPath: m_LocalRotation.x
      value: -0
      objectReference: {fileID: 0}
    - target: {fileID: 4765279173609134, guid: df0dda33bb3352c45aca0e65ad4db990, type: 2}
      propertyPath: m_LocalRotation.y
      value: -0
      objectReference: {fileID: 0}
    - target: {fileID: 4765279173609134, guid: df0dda33bb3352c45aca0e65ad4db990, type: 2}
      propertyPath: m_LocalRotation.z
      value: -0
      objectReference: {fileID: 0}
    - target: {fileID: 4765279173609134, guid: df0dda33bb3352c45aca0e65ad4db990, type: 2}
      propertyPath: m_LocalRotation.w
      value: 1
      objectReference: {fileID: 0}
    - target: {fileID: 4765279173609134, guid: df0dda33bb3352c45aca0e65ad4db990, type: 2}
      propertyPath: m_RootOrder
      value: 0
      objectReference: {fileID: 0}
    m_RemovedComponents: []
  m_ParentPrefab: {fileID: 100100000, guid: df0dda33bb3352c45aca0e65ad4db990, type: 2}
  m_IsPrefabParent: 0
--- !u!1 &1637470930
GameObject:
  m_ObjectHideFlags: 0
  m_PrefabParentObject: {fileID: 0}
  m_PrefabInternal: {fileID: 0}
  serializedVersion: 5
  m_Component:
  - component: {fileID: 1637470933}
  - component: {fileID: 1637470932}
  - component: {fileID: 1637470931}
  m_Layer: 8
  m_Name: New Sprite (3)
  m_TagString: Obstacle
  m_Icon: {fileID: 0}
  m_NavMeshLayer: 0
  m_StaticEditorFlags: 0
  m_IsActive: 1
--- !u!61 &1637470931
BoxCollider2D:
  m_ObjectHideFlags: 0
  m_PrefabParentObject: {fileID: 0}
  m_PrefabInternal: {fileID: 0}
  m_GameObject: {fileID: 1637470930}
  m_Enabled: 1
  m_Density: 1
  m_Material: {fileID: 0}
  m_IsTrigger: 0
  m_UsedByEffector: 0
  m_UsedByComposite: 0
  m_Offset: {x: 0, y: 0}
  m_SpriteTilingProperty:
    border: {x: 0, y: 0, z: 0, w: 0}
    pivot: {x: 0.5, y: 0.5}
    oldSize: {x: 1, y: 1}
    newSize: {x: 0.16, y: 0.16}
    adaptiveTilingThreshold: 0.5
    drawMode: 0
    adaptiveTiling: 0
  m_AutoTiling: 0
  serializedVersion: 2
  m_Size: {x: 1, y: 1}
  m_EdgeRadius: 0
--- !u!212 &1637470932
SpriteRenderer:
  m_ObjectHideFlags: 0
  m_PrefabParentObject: {fileID: 0}
  m_PrefabInternal: {fileID: 0}
  m_GameObject: {fileID: 1637470930}
  m_Enabled: 1
  m_CastShadows: 0
  m_ReceiveShadows: 0
  m_DynamicOccludee: 1
  m_MotionVectors: 1
  m_LightProbeUsage: 1
  m_ReflectionProbeUsage: 1
  m_Materials:
  - {fileID: 10754, guid: 0000000000000000f000000000000000, type: 0}
  m_StaticBatchInfo:
    firstSubMesh: 0
    subMeshCount: 0
  m_StaticBatchRoot: {fileID: 0}
  m_ProbeAnchor: {fileID: 0}
  m_LightProbeVolumeOverride: {fileID: 0}
  m_ScaleInLightmap: 1
  m_PreserveUVs: 0
  m_IgnoreNormalsForChartDetection: 0
  m_ImportantGI: 0
  m_StitchLightmapSeams: 0
  m_SelectedEditorRenderState: 0
  m_MinimumChartSize: 4
  m_AutoUVMaxDistance: 0.5
  m_AutoUVMaxAngle: 89
  m_LightmapParameters: {fileID: 0}
  m_SortingLayerID: 0
  m_SortingLayer: 0
  m_SortingOrder: 0
  m_Sprite: {fileID: 21300000, guid: 64e665ff6dd86c340ade6ac680b8c846, type: 3}
  m_Color: {r: 1, g: 1, b: 1, a: 1}
  m_FlipX: 0
  m_FlipY: 0
  m_DrawMode: 0
  m_Size: {x: 0.16, y: 0.16}
  m_AdaptiveModeThreshold: 0.5
  m_SpriteTileMode: 0
  m_WasSpriteAssigned: 1
  m_MaskInteraction: 0
--- !u!4 &1637470933
Transform:
  m_ObjectHideFlags: 0
  m_PrefabParentObject: {fileID: 0}
  m_PrefabInternal: {fileID: 0}
  m_GameObject: {fileID: 1637470930}
  m_LocalRotation: {x: -0, y: -0, z: -0, w: 1}
  m_LocalPosition: {x: 20.015055, y: 0.016226053, z: -0.013671875}
  m_LocalScale: {x: 0.5940018, y: 15.901915, z: 1}
  m_Children: []
  m_Father: {fileID: 743629464}
  m_RootOrder: 3
  m_LocalEulerAnglesHint: {x: 0, y: 0, z: 0}
--- !u!1 &1732629309
GameObject:
  m_ObjectHideFlags: 0
  m_PrefabParentObject: {fileID: 0}
  m_PrefabInternal: {fileID: 0}
  serializedVersion: 5
  m_Component:
  - component: {fileID: 1732629310}
  - component: {fileID: 1732629312}
  - component: {fileID: 1732629311}
  m_Layer: 9
  m_Name: Obstacle
  m_TagString: Obstacle
  m_Icon: {fileID: 0}
  m_NavMeshLayer: 0
  m_StaticEditorFlags: 0
  m_IsActive: 1
--- !u!4 &1732629310
Transform:
  m_ObjectHideFlags: 0
  m_PrefabParentObject: {fileID: 0}
  m_PrefabInternal: {fileID: 0}
  m_GameObject: {fileID: 1732629309}
  m_LocalRotation: {x: -0, y: -0, z: -0, w: 1}
  m_LocalPosition: {x: -1.856, y: -2.86, z: -9.169922}
  m_LocalScale: {x: 1.2023022, y: 7.5422707, z: 1}
  m_Children: []
  m_Father: {fileID: 188333672}
  m_RootOrder: 0
  m_LocalEulerAnglesHint: {x: 0, y: 0, z: 0}
--- !u!61 &1732629311
BoxCollider2D:
  m_ObjectHideFlags: 0
  m_PrefabParentObject: {fileID: 0}
  m_PrefabInternal: {fileID: 0}
  m_GameObject: {fileID: 1732629309}
  m_Enabled: 1
  m_Density: 1
  m_Material: {fileID: 0}
  m_IsTrigger: 0
  m_UsedByEffector: 0
  m_UsedByComposite: 0
  m_Offset: {x: 0, y: 0}
  m_SpriteTilingProperty:
    border: {x: 0, y: 0, z: 0, w: 0}
    pivot: {x: 0.5, y: 0.5}
    oldSize: {x: 1, y: 1}
    newSize: {x: 0.16, y: 0.16}
    adaptiveTilingThreshold: 0.5
    drawMode: 0
    adaptiveTiling: 0
  m_AutoTiling: 0
  serializedVersion: 2
  m_Size: {x: 1, y: 1}
  m_EdgeRadius: 0
--- !u!212 &1732629312
SpriteRenderer:
  m_ObjectHideFlags: 0
  m_PrefabParentObject: {fileID: 0}
  m_PrefabInternal: {fileID: 0}
  m_GameObject: {fileID: 1732629309}
  m_Enabled: 1
  m_CastShadows: 0
  m_ReceiveShadows: 0
  m_DynamicOccludee: 1
  m_MotionVectors: 1
  m_LightProbeUsage: 1
  m_ReflectionProbeUsage: 1
  m_Materials:
  - {fileID: 10754, guid: 0000000000000000f000000000000000, type: 0}
  m_StaticBatchInfo:
    firstSubMesh: 0
    subMeshCount: 0
  m_StaticBatchRoot: {fileID: 0}
  m_ProbeAnchor: {fileID: 0}
  m_LightProbeVolumeOverride: {fileID: 0}
  m_ScaleInLightmap: 1
  m_PreserveUVs: 0
  m_IgnoreNormalsForChartDetection: 0
  m_ImportantGI: 0
  m_StitchLightmapSeams: 0
  m_SelectedEditorRenderState: 0
  m_MinimumChartSize: 4
  m_AutoUVMaxDistance: 0.5
  m_AutoUVMaxAngle: 89
  m_LightmapParameters: {fileID: 0}
  m_SortingLayerID: 0
  m_SortingLayer: 0
  m_SortingOrder: 0
  m_Sprite: {fileID: 21300000, guid: 64e665ff6dd86c340ade6ac680b8c846, type: 3}
  m_Color: {r: 1, g: 1, b: 1, a: 1}
  m_FlipX: 0
  m_FlipY: 0
  m_DrawMode: 0
  m_Size: {x: 0.16, y: 0.16}
  m_AdaptiveModeThreshold: 0.5
  m_SpriteTileMode: 0
  m_WasSpriteAssigned: 1
  m_MaskInteraction: 0
--- !u!1 &1743068459
GameObject:
  m_ObjectHideFlags: 0
  m_PrefabParentObject: {fileID: 0}
  m_PrefabInternal: {fileID: 0}
  serializedVersion: 5
  m_Component:
  - component: {fileID: 1743068461}
  - component: {fileID: 1743068460}
  m_Layer: 0
  m_Name: Item
  m_TagString: Untagged
  m_Icon: {fileID: 7707008975528953803, guid: 0000000000000000d000000000000000, type: 0}
  m_NavMeshLayer: 0
  m_StaticEditorFlags: 0
  m_IsActive: 1
--- !u!212 &1743068460
SpriteRenderer:
  m_ObjectHideFlags: 0
  m_PrefabParentObject: {fileID: 0}
  m_PrefabInternal: {fileID: 0}
  m_GameObject: {fileID: 1743068459}
  m_Enabled: 1
  m_CastShadows: 0
  m_ReceiveShadows: 0
  m_DynamicOccludee: 1
  m_MotionVectors: 1
  m_LightProbeUsage: 1
  m_ReflectionProbeUsage: 1
  m_Materials:
  - {fileID: 10754, guid: 0000000000000000f000000000000000, type: 0}
  m_StaticBatchInfo:
    firstSubMesh: 0
    subMeshCount: 0
  m_StaticBatchRoot: {fileID: 0}
  m_ProbeAnchor: {fileID: 0}
  m_LightProbeVolumeOverride: {fileID: 0}
  m_ScaleInLightmap: 1
  m_PreserveUVs: 0
  m_IgnoreNormalsForChartDetection: 0
  m_ImportantGI: 0
  m_StitchLightmapSeams: 0
  m_SelectedEditorRenderState: 0
  m_MinimumChartSize: 4
  m_AutoUVMaxDistance: 0.5
  m_AutoUVMaxAngle: 89
  m_LightmapParameters: {fileID: 0}
  m_SortingLayerID: 0
  m_SortingLayer: 0
  m_SortingOrder: 0
  m_Sprite: {fileID: 0}
  m_Color: {r: 1, g: 1, b: 1, a: 1}
  m_FlipX: 0
  m_FlipY: 0
  m_DrawMode: 0
  m_Size: {x: 1, y: 1}
  m_AdaptiveModeThreshold: 0.5
  m_SpriteTileMode: 0
  m_WasSpriteAssigned: 0
  m_MaskInteraction: 0
--- !u!4 &1743068461
Transform:
  m_ObjectHideFlags: 0
  m_PrefabParentObject: {fileID: 0}
  m_PrefabInternal: {fileID: 0}
  m_GameObject: {fileID: 1743068459}
  m_LocalRotation: {x: 0, y: 0, z: 0, w: 1}
  m_LocalPosition: {x: 0, y: 0, z: 0}
  m_LocalScale: {x: 1, y: 1, z: 1}
  m_Children:
  - {fileID: 490927735}
  - {fileID: 294508407}
  m_Father: {fileID: 0}
  m_RootOrder: 4
  m_LocalEulerAnglesHint: {x: 0, y: 0, z: 0}
--- !u!1001 &1767676020
Prefab:
  m_ObjectHideFlags: 0
  serializedVersion: 2
  m_Modification:
    m_TransformParent: {fileID: 294508407}
    m_Modifications:
    - target: {fileID: 4765279173609134, guid: df0dda33bb3352c45aca0e65ad4db990, type: 2}
      propertyPath: m_LocalPosition.x
      value: 7.3
      objectReference: {fileID: 0}
    - target: {fileID: 4765279173609134, guid: df0dda33bb3352c45aca0e65ad4db990, type: 2}
      propertyPath: m_LocalPosition.y
      value: -9.28
      objectReference: {fileID: 0}
    - target: {fileID: 4765279173609134, guid: df0dda33bb3352c45aca0e65ad4db990, type: 2}
      propertyPath: m_LocalPosition.z
      value: 0
      objectReference: {fileID: 0}
    - target: {fileID: 4765279173609134, guid: df0dda33bb3352c45aca0e65ad4db990, type: 2}
      propertyPath: m_LocalRotation.x
      value: -0
      objectReference: {fileID: 0}
    - target: {fileID: 4765279173609134, guid: df0dda33bb3352c45aca0e65ad4db990, type: 2}
      propertyPath: m_LocalRotation.y
      value: -0
      objectReference: {fileID: 0}
    - target: {fileID: 4765279173609134, guid: df0dda33bb3352c45aca0e65ad4db990, type: 2}
      propertyPath: m_LocalRotation.z
      value: -0
      objectReference: {fileID: 0}
    - target: {fileID: 4765279173609134, guid: df0dda33bb3352c45aca0e65ad4db990, type: 2}
      propertyPath: m_LocalRotation.w
      value: 1
      objectReference: {fileID: 0}
    - target: {fileID: 4765279173609134, guid: df0dda33bb3352c45aca0e65ad4db990, type: 2}
      propertyPath: m_RootOrder
      value: 2
      objectReference: {fileID: 0}
    - target: {fileID: 1494997289483964, guid: df0dda33bb3352c45aca0e65ad4db990, type: 2}
      propertyPath: m_Name
      value: Shift (2)
      objectReference: {fileID: 0}
    m_RemovedComponents: []
  m_ParentPrefab: {fileID: 100100000, guid: df0dda33bb3352c45aca0e65ad4db990, type: 2}
  m_IsPrefabParent: 0
--- !u!4 &1767676021 stripped
Transform:
  m_PrefabParentObject: {fileID: 4765279173609134, guid: df0dda33bb3352c45aca0e65ad4db990,
    type: 2}
  m_PrefabInternal: {fileID: 1767676020}
--- !u!4 &1812096190 stripped
Transform:
  m_PrefabParentObject: {fileID: 4719588019849356, guid: 16ad3a1b5e124f14784eba85ef96e6eb,
    type: 2}
  m_PrefabInternal: {fileID: 790330318}
--- !u!1 &1864215402
GameObject:
  m_ObjectHideFlags: 0
  m_PrefabParentObject: {fileID: 0}
  m_PrefabInternal: {fileID: 0}
  serializedVersion: 5
  m_Component:
  - component: {fileID: 1864215405}
  - component: {fileID: 1864215404}
  - component: {fileID: 1864215403}
  m_Layer: 8
  m_Name: New Sprite (1)
  m_TagString: Obstacle
  m_Icon: {fileID: 0}
  m_NavMeshLayer: 0
  m_StaticEditorFlags: 0
  m_IsActive: 1
--- !u!61 &1864215403
BoxCollider2D:
  m_ObjectHideFlags: 0
  m_PrefabParentObject: {fileID: 0}
  m_PrefabInternal: {fileID: 0}
  m_GameObject: {fileID: 1864215402}
  m_Enabled: 1
  m_Density: 1
  m_Material: {fileID: 0}
  m_IsTrigger: 0
  m_UsedByEffector: 0
  m_UsedByComposite: 0
  m_Offset: {x: 0, y: 0}
  m_SpriteTilingProperty:
    border: {x: 0, y: 0, z: 0, w: 0}
    pivot: {x: 0.5, y: 0.5}
    oldSize: {x: 1, y: 1}
    newSize: {x: 0.16, y: 0.16}
    adaptiveTilingThreshold: 0.5
    drawMode: 0
    adaptiveTiling: 0
  m_AutoTiling: 0
  serializedVersion: 2
  m_Size: {x: 1, y: 1}
  m_EdgeRadius: 0
--- !u!212 &1864215404
SpriteRenderer:
  m_ObjectHideFlags: 0
  m_PrefabParentObject: {fileID: 0}
  m_PrefabInternal: {fileID: 0}
  m_GameObject: {fileID: 1864215402}
  m_Enabled: 1
  m_CastShadows: 0
  m_ReceiveShadows: 0
  m_DynamicOccludee: 1
  m_MotionVectors: 1
  m_LightProbeUsage: 1
  m_ReflectionProbeUsage: 1
  m_Materials:
  - {fileID: 10754, guid: 0000000000000000f000000000000000, type: 0}
  m_StaticBatchInfo:
    firstSubMesh: 0
    subMeshCount: 0
  m_StaticBatchRoot: {fileID: 0}
  m_ProbeAnchor: {fileID: 0}
  m_LightProbeVolumeOverride: {fileID: 0}
  m_ScaleInLightmap: 1
  m_PreserveUVs: 0
  m_IgnoreNormalsForChartDetection: 0
  m_ImportantGI: 0
  m_StitchLightmapSeams: 0
  m_SelectedEditorRenderState: 0
  m_MinimumChartSize: 4
  m_AutoUVMaxDistance: 0.5
  m_AutoUVMaxAngle: 89
  m_LightmapParameters: {fileID: 0}
  m_SortingLayerID: 0
  m_SortingLayer: 0
  m_SortingOrder: 0
  m_Sprite: {fileID: 21300000, guid: 64e665ff6dd86c340ade6ac680b8c846, type: 3}
  m_Color: {r: 1, g: 1, b: 1, a: 1}
  m_FlipX: 0
  m_FlipY: 0
  m_DrawMode: 0
  m_Size: {x: 0.16, y: 0.16}
  m_AdaptiveModeThreshold: 0.5
  m_SpriteTileMode: 0
  m_WasSpriteAssigned: 1
  m_MaskInteraction: 0
--- !u!4 &1864215405
Transform:
  m_ObjectHideFlags: 0
  m_PrefabParentObject: {fileID: 0}
  m_PrefabInternal: {fileID: 0}
  m_GameObject: {fileID: 1864215402}
  m_LocalRotation: {x: -0, y: -0, z: -0, w: 1}
  m_LocalPosition: {x: 2.5150542, y: -8.0057745, z: -0.013671875}
  m_LocalScale: {x: 35.58898, y: 0.63564396, z: 1}
  m_Children: []
  m_Father: {fileID: 743629464}
  m_RootOrder: 1
  m_LocalEulerAnglesHint: {x: 0, y: 0, z: 0}
--- !u!1001 &2006085369
Prefab:
  m_ObjectHideFlags: 0
  serializedVersion: 2
  m_Modification:
    m_TransformParent: {fileID: 6595805}
    m_Modifications:
    - target: {fileID: 4392185274543642, guid: dcfe2b716e90a41ea9c4c3ef2ba0f22c, type: 2}
      propertyPath: m_LocalPosition.x
      value: 4.64
      objectReference: {fileID: 0}
    - target: {fileID: 4392185274543642, guid: dcfe2b716e90a41ea9c4c3ef2ba0f22c, type: 2}
      propertyPath: m_LocalPosition.y
      value: -3.22
      objectReference: {fileID: 0}
    - target: {fileID: 4392185274543642, guid: dcfe2b716e90a41ea9c4c3ef2ba0f22c, type: 2}
      propertyPath: m_LocalPosition.z
      value: 0.0913143
      objectReference: {fileID: 0}
    - target: {fileID: 4392185274543642, guid: dcfe2b716e90a41ea9c4c3ef2ba0f22c, type: 2}
      propertyPath: m_LocalRotation.x
      value: -0
      objectReference: {fileID: 0}
    - target: {fileID: 4392185274543642, guid: dcfe2b716e90a41ea9c4c3ef2ba0f22c, type: 2}
      propertyPath: m_LocalRotation.y
      value: -0
      objectReference: {fileID: 0}
    - target: {fileID: 4392185274543642, guid: dcfe2b716e90a41ea9c4c3ef2ba0f22c, type: 2}
      propertyPath: m_LocalRotation.z
      value: -0
      objectReference: {fileID: 0}
    - target: {fileID: 4392185274543642, guid: dcfe2b716e90a41ea9c4c3ef2ba0f22c, type: 2}
      propertyPath: m_LocalRotation.w
      value: 1
      objectReference: {fileID: 0}
    - target: {fileID: 4392185274543642, guid: dcfe2b716e90a41ea9c4c3ef2ba0f22c, type: 2}
      propertyPath: m_RootOrder
      value: 0
      objectReference: {fileID: 0}
    - target: {fileID: 114455001514013108, guid: dcfe2b716e90a41ea9c4c3ef2ba0f22c,
        type: 2}
      propertyPath: speed
      value: 15
      objectReference: {fileID: 0}
    - target: {fileID: 4521490084272094, guid: dcfe2b716e90a41ea9c4c3ef2ba0f22c, type: 2}
      propertyPath: m_LocalScale.x
      value: 2
      objectReference: {fileID: 0}
    - target: {fileID: 4521490084272094, guid: dcfe2b716e90a41ea9c4c3ef2ba0f22c, type: 2}
      propertyPath: m_LocalScale.y
      value: 2
      objectReference: {fileID: 0}
    - target: {fileID: 4521490084272094, guid: dcfe2b716e90a41ea9c4c3ef2ba0f22c, type: 2}
      propertyPath: m_LocalScale.z
      value: 2
      objectReference: {fileID: 0}
    - target: {fileID: 212008202098859276, guid: dcfe2b716e90a41ea9c4c3ef2ba0f22c,
        type: 2}
      propertyPath: m_Color.r
      value: 1
      objectReference: {fileID: 0}
    - target: {fileID: 212008202098859276, guid: dcfe2b716e90a41ea9c4c3ef2ba0f22c,
        type: 2}
      propertyPath: m_Color.g
      value: 1
      objectReference: {fileID: 0}
    - target: {fileID: 212008202098859276, guid: dcfe2b716e90a41ea9c4c3ef2ba0f22c,
        type: 2}
      propertyPath: m_Color.b
      value: 1
      objectReference: {fileID: 0}
    - target: {fileID: 1429648009921394, guid: dcfe2b716e90a41ea9c4c3ef2ba0f22c, type: 2}
      propertyPath: m_IsActive
      value: 0
      objectReference: {fileID: 0}
    m_RemovedComponents: []
  m_ParentPrefab: {fileID: 100100000, guid: dcfe2b716e90a41ea9c4c3ef2ba0f22c, type: 2}
  m_IsPrefabParent: 0
--- !u!4 &2006085370 stripped
Transform:
  m_PrefabParentObject: {fileID: 4392185274543642, guid: dcfe2b716e90a41ea9c4c3ef2ba0f22c,
    type: 2}
  m_PrefabInternal: {fileID: 2006085369}
--- !u!1 &2101815747
GameObject:
  m_ObjectHideFlags: 0
  m_PrefabParentObject: {fileID: 0}
  m_PrefabInternal: {fileID: 0}
  serializedVersion: 5
  m_Component:
  - component: {fileID: 2101815750}
  - component: {fileID: 2101815749}
  - component: {fileID: 2101815748}
  m_Layer: 8
  m_Name: New Sprite (2)
  m_TagString: Obstacle
  m_Icon: {fileID: 0}
  m_NavMeshLayer: 0
  m_StaticEditorFlags: 0
  m_IsActive: 1
--- !u!61 &2101815748
BoxCollider2D:
  m_ObjectHideFlags: 0
  m_PrefabParentObject: {fileID: 0}
  m_PrefabInternal: {fileID: 0}
  m_GameObject: {fileID: 2101815747}
  m_Enabled: 1
  m_Density: 1
  m_Material: {fileID: 0}
  m_IsTrigger: 0
  m_UsedByEffector: 0
  m_UsedByComposite: 0
  m_Offset: {x: 0, y: 0}
  m_SpriteTilingProperty:
    border: {x: 0, y: 0, z: 0, w: 0}
    pivot: {x: 0.5, y: 0.5}
    oldSize: {x: 1, y: 1}
    newSize: {x: 0.16, y: 0.16}
    adaptiveTilingThreshold: 0.5
    drawMode: 0
    adaptiveTiling: 0
  m_AutoTiling: 0
  serializedVersion: 2
  m_Size: {x: 1, y: 1}
  m_EdgeRadius: 0
--- !u!212 &2101815749
SpriteRenderer:
  m_ObjectHideFlags: 0
  m_PrefabParentObject: {fileID: 0}
  m_PrefabInternal: {fileID: 0}
  m_GameObject: {fileID: 2101815747}
  m_Enabled: 1
  m_CastShadows: 0
  m_ReceiveShadows: 0
  m_DynamicOccludee: 1
  m_MotionVectors: 1
  m_LightProbeUsage: 1
  m_ReflectionProbeUsage: 1
  m_Materials:
  - {fileID: 10754, guid: 0000000000000000f000000000000000, type: 0}
  m_StaticBatchInfo:
    firstSubMesh: 0
    subMeshCount: 0
  m_StaticBatchRoot: {fileID: 0}
  m_ProbeAnchor: {fileID: 0}
  m_LightProbeVolumeOverride: {fileID: 0}
  m_ScaleInLightmap: 1
  m_PreserveUVs: 0
  m_IgnoreNormalsForChartDetection: 0
  m_ImportantGI: 0
  m_StitchLightmapSeams: 0
  m_SelectedEditorRenderState: 0
  m_MinimumChartSize: 4
  m_AutoUVMaxDistance: 0.5
  m_AutoUVMaxAngle: 89
  m_LightmapParameters: {fileID: 0}
  m_SortingLayerID: 0
  m_SortingLayer: 0
  m_SortingOrder: 0
  m_Sprite: {fileID: 21300000, guid: 64e665ff6dd86c340ade6ac680b8c846, type: 3}
  m_Color: {r: 1, g: 1, b: 1, a: 1}
  m_FlipX: 0
  m_FlipY: 0
  m_DrawMode: 0
  m_Size: {x: 0.16, y: 0.16}
  m_AdaptiveModeThreshold: 0.5
  m_SpriteTileMode: 0
  m_WasSpriteAssigned: 1
  m_MaskInteraction: 0
--- !u!4 &2101815750
Transform:
  m_ObjectHideFlags: 0
  m_PrefabParentObject: {fileID: 0}
  m_PrefabInternal: {fileID: 0}
  m_GameObject: {fileID: 2101815747}
  m_LocalRotation: {x: -0, y: -0, z: -0, w: 1}
  m_LocalPosition: {x: -14.982946, y: -0.061774015, z: -0.013671875}
  m_LocalScale: {x: 0.5939996, y: 16.05849, z: 1}
  m_Children: []
  m_Father: {fileID: 743629464}
  m_RootOrder: 2
  m_LocalEulerAnglesHint: {x: 0, y: 0, z: 0}
